% Encoding: UTF-8

@Article{Chong2004,
  author        = {Chong, Peter Han Joo and So, Ping Lam and Shum, P and Li, Xue Jun and Goyal, D},
  title         = {Design and implementation of user interface for mobile devices},
  journal       = {IEEE Transactions on Consumer Electronics},
  year          = {2004},
  volume        = {50},
  number        = {4},
  pages         = {1156--1161},
  __markedentry = {[felipe:]},
  publisher     = {IEEE},
}

@Article{Khalid2015,
  author        = {Khalid, Hammad and Shihab, Emad and Nagappan, Meiyappan and Hassan, Ahmed E},
  title         = {What do mobile app users complain about?},
  journal       = {IEEE Software},
  year          = {2015},
  volume        = {32},
  number        = {3},
  pages         = {70--77},
  __markedentry = {[felipe:6]},
  publisher     = {IEEE},
}

@Comment{jabref-meta: databaseType:bibtex;}
